@MastersThesis{proposal:sharko,
  author =       {Stiv Sherko},
  title =        {Extracting quantity and unit semantics from technical documents},
  school =       {Computer Science, Jacobs University, Bremen},
  type = {Bachelor Thesis Proposal},
  year =         2014,
}

@MISC{MWS:Ranges,
  title = "Ranges in MathWebSearch",
  author = "Radu Hambasan",
  howpublished = "private communication"
}
